@article{saez_evaluatingclassifierbehavior_2016,
  title = {Evaluating the Classifier Behavior with Noisy Data Considering Performance and Robustness: {{The Equalized Loss}} of {{Accuracy}} Measure},
  shorttitle = {Evaluating the Classifier Behavior with Noisy Data Considering Performance and Robustness},
  author = {Sáez, José A. and Luengo, Julián and Herrera, Francisco},
  date = {2016-02},
  journaltitle = {Neurocomputing},
  shortjournal = {Neurocomputing},
  volume = {176},
  pages = {26--35},
  issn = {09252312},
  doi = {10.1016/j.neucom.2014.11.086},
  url = {https://linkinghub.elsevier.com/retrieve/pii/S0925231215005500},
  urldate = {2022-12-08},
  langid = {english},
}
