% This file was created with JabRef 2.9.2.
% Encoding: ISO8859_1

% Order alphabetically
% Use something like https://flamingtempura.github.io/bibtex-tidy/ to clean all your bibtex entries

@ARTICLE{Ebejer2012,
  author = {Ebejer, Jean-Paul and Morris, Garrett M. and Deane, Charlotte M.},
  title = {Freely Available Conformer Generation Methods: How Good Are They?},
  journal = {J. Chem. Inf. Model.},
  year = {2012},
  volume = {52},
  pages = {1146--1158},
  number = {5}
}


@article{cruz_applicationmachinelearning_2021,
  title = {Application of {{Machine Learning}} to {{Bending Processes}} and {{Material Identification}}},
  author = {Cruz, Daniel J. and Barbosa, Manuel R. and Santos, Abel D. and Miranda, Sara S. and Amaral, Rui L.},
  year = {2021},
  journal = {Metals},
  volume = {11},
  number = {9},
  pages = {1418},
  issn = {2075-4701},
  doi = {10.3390/met11091418},
  url = {https://www.mdpi.com/2075-4701/11/9/1418},
  urldate = {2022-08-01},
  langid = {english},
}


@techreport{baig_machinelearningprediction_2021,
  type = {Preprint},
  title = {Machine {{Learning}} for the {{Prediction}} of {{Springback}} in {{High Tensile Strength Steels}} after {{V-Bending Process Using Tree-Based Learning}}},
  author = {Baig, Saad Ur Rehman and Wasif, Muhammad and Fatima, Anis and Baig, Mirza Muhammad Anas and Iqbal, Syed Amir},
  year = {2021},
  month = aug,
  institution = {{In Review}},
  doi = {10.21203/rs.3.rs-795174/v1},
  langid = {english},
}

@article{zheng_reviewformingtechniques_2018,
  title = {A Review on Forming Techniques for Manufacturing Lightweight Complexâ€”Shaped Aluminium Panel Components},
  author = {Zheng, Kailun and Politis, Denis J. and Wang, Liliang and Lin, Jianguo},
  date = {2018-06},
  journaltitle = {International Journal of Lightweight Materials and Manufacture},
  shortjournal = {International Journal of Lightweight Materials and Manufacture},
  volume = {1},
  number = {2},
  pages = {55--80},
  issn = {25888404},
  doi = {10.1016/j.ijlmm.2018.03.006},
  url = {https://linkinghub.elsevier.com/retrieve/pii/S258884041830012X},
  urldate = {2022-12-05},
  langid = {english},
}













