@book{zhou_machinelearning_2021,
  title = {Machine {{Learning}}},
  author = {Zhou, Zhi-Hua},
  date = {2021},
  publisher = {{Springer Singapore}},
  location = {{Singapore}},
  doi = {10.1007/978-981-15-1967-3},
  url = {https://link.springer.com/10.1007/978-981-15-1967-3},
  urldate = {2022-12-06},
  isbn = {9789811519666 9789811519673},
  langid = {english},
  keywords = {ML},
}

@article{saez_evaluatingclassifierbehavior_2016,
  title = {Evaluating the Classifier Behavior with Noisy Data Considering Performance and Robustness: {{The Equalized Loss}} of {{Accuracy}} Measure},
  shorttitle = {Evaluating the Classifier Behavior with Noisy Data Considering Performance and Robustness},
  author = {Sáez, José A. and Luengo, Julián and Herrera, Francisco},
  date = {2016-02},
  journaltitle = {Neurocomputing},
  shortjournal = {Neurocomputing},
  volume = {176},
  pages = {26--35},
  issn = {09252312},
  doi = {10.1016/j.neucom.2014.11.086},
  url = {https://linkinghub.elsevier.com/retrieve/pii/S0925231215005500},
  urldate = {2022-12-08},
  langid = {english},
}

