@techreport{din6935,
  title = {{DIN 6935:2011-10, Kaltbiegen von Flacherzeugnissen aus Stahl}},
  shorttitle = {{DIN 6935}},
  author = {DIN},
  year = {2011},
  institution = {{Beuth Verlag GmbH}},
  doi = {10.31030/1813521},
  langid = {german},
}

@book{rennenkampff_managementitagilitaetentwicklung_2015,
  title = {{Management von IT-Agilit\"at: Entwicklung eines Kennzahlensystems zur Messung der Agilit\"at von Anwendungslandschaften}},
  shorttitle = {{Management von IT-Agilit\"at}},
  author = {von Rennenkampff, Alexander and Nissen, Volker and Stelzer, Dirk},
  year = {2015},
  series = {{Ilmenauer Schriften zur Wirtschaftsinformatik}},
  number = {Band 2},
  publisher = {{Univ.- Verl. Ilmenau}},
  address = {{Ilmenau}},
  isbn = {978-3-86360-123-2},
  langid = {ngerman},
}

@inbook{hevner_designscienceresearch_2010,
  title = {Design {{Science Research}} in {{Information Systems}}},
  booktitle = {Design {{Research}} in {{Information Systems}}},
  author = {Hevner, Alan and Chatterjee, Samir},
  year = {2010},
  volume = {22},
  pages = {9--22},
  publisher = {{Springer US}},
  address = {{Boston, MA}},
  doi = {10.1007/978-1-4419-5653-8_2},
  collaborator = {Hevner, Alan and Chatterjee, Samir},
  isbn = {978-1-4419-5652-1 978-1-4419-5653-8},
  langid = {english},
}

@article{peffers_designscienceresearch_2007,
  title = {A {{Design Science Research Methodology}} for {{Information Systems Research}}},
  author = {Peffers, Ken and Tuunanen, Tuure and Rothenberger, Marcus A. and Chatterjee, Samir},
  year = {2007},
  month = dec,
  journal = {Journal of Management Information Systems},
  volume = {24},
  number = {3},
  pages = {45--77},
  issn = {0742-1222, 1557-928X},
  doi = {10.2753/MIS0742-1222240302},
  langid = {english},
}

@incollection{sonnenberg_evaluationpatternsdesign_2012,
  title = {Evaluation {{Patterns}} for {{Design Science Research Artefacts}}},
  booktitle = {Practical {{Aspects}} of {{Design Science}}},
  author = {Sonnenberg, Christian and {vom Brocke}, Jan},
  editor = {Helfert, Markus and Donnellan, Brian},
  year = {2012},
  volume = {286},
  pages = {71--83},
  publisher = {{Springer Berlin Heidelberg}},
  address = {{Berlin, Heidelberg}},
  doi = {10.1007/978-3-642-33681-2_7},
  isbn = {978-3-642-33680-5 978-3-642-33681-2},
  langid = {english},
}

@article{hevner_designscienceinformation_2004,
  title = {Design {{Science}} in {{Information Systems Research}}},
  author = {{Hevner} and {March} and {Park} and {Ram}},
  year = {2004},
  journal = {MIS Quarterly},
  volume = {28},
  number = {1},
  pages = {75},
  issn = {02767783},
  doi = {10.2307/25148625},
  langid = {english},
}

@article{gregor_positioningpresentingdesign_2013,
  title = {Positioning and {{Presenting Design Science Research}} for {{Maximum Impact}}},
  author = {Gregor, Shirley and Hevner, Alan R. and {University of South Florida}},
  date = {2013-02-02},
  year = {2013},
  journaltitle = {MIS Quarterly},
  journal = {MIS Quarterly},
  shortjournal = {MISQ},
  volume = {37},
  number = {2},
  pages = {337--355},
  issn = {02767783, 21629730},
  doi = {10.25300/MISQ/2013/37.2.01},
  url = {https://misq.org/positioning-and-presenting-design-science-research-for-maximum-impact.html},
  urldate = {2022-11-28},
  langid = {english},
}

@article{gregor_anatomydesigntheory_,
  title = {{{THE ANATOMY OF A DESIGN THEORY}}},
  journal = {College of Business and Economics The Australian National University},
  author = {Gregor, Shirley and Jones, David},
  pages = {60},
  year = {2017},
  langid = {english},
}

@article{sein_actiondesignresearch_2011,
  title = {Action {{Design Research}}},
  author = {{Sein} and {Henfridsson} and {Purao} and {Rossi} and {Lindgren}},
  date = {2011},
  year = {2011},
  journaltitle = {MIS Quarterly},
  journal = {MIS Quarterly},
  shortjournal = {MIS Quarterly},
  volume = {35},
  number = {1},
  eprint = {10.2307/23043488},
  eprinttype = {jstor},
  pages = {37},
  issn = {02767783},
  doi = {10.2307/23043488},
  langid = {english},
}

@article{koppenhagen_designscienceresearch_2012,
  title = {Design {{Science Research}} in {{Action}} - {{Anatomy}} of {{Success Critical Activities}} for {{Rigor}} and {{Relevance}}},
  author = {Koppenhagen, Norbert and Gaß, Oliver and Müller, Benjamin},
  date = {2012},
  year = {2012},
  journal = {N\/A},
  publisher = {{Karlsruhe}},
  doi = {10.5445/IR/1000055012},
  url = {https://publikationen.bibliothek.kit.edu/1000055012},
  urldate = {2022-11-30},
  langid = {english},
}

@article{basili_goalquestionmetric_,
  title = {{{THE GOAL QUESTION METRIC APPROACH}}},
  author = {Basili, Victor R and Caldiera, Gianluigi and Rombach, H Dieter},
  pages = {10},
  year = {2002},
  journal = {N\/A},
  langid = {english},
}


@article{siebert_constructionqualitymodel_,
  title = {Construction of a Quality Model for Machine Learning Systems},
  author = {Siebert, Julien},
  journaltitle = {Software Quality Journal},
  pages = {29},
  langid = {english},
  keywords = {ML,quality},
}
