@phdthesis{rockhausen_integrationsolidworksprozesskette_2010,
  title = {{Integration von SolidWorks in die Prozesskette Blech unter Einbeziehung von Inventor-Modelldaten}},
  author = {Rockhausen, Alexander},
  school = {Hochschule Mittweida},
  year = {2010},
  langid = {german},
  keywords = {schwenkbiegen},
}

@misc{by_artsciencebending_2016a,
  title = {The {{Art And Science Of Bending Sheet Metal}}},
  author = {By},
  year = {2016},
  month = may,
  journal = {Hackaday},
  langid = {american},
}
















